<?xml version="1.0" encoding="UTF-8"?><collection xmlns="http://www.loc.gov/MARC21/slim"><record><leader>00675nam--2200205-i-4500</leader><controlfield tag="001">000013191</controlfield><controlfield tag="002">20161230</controlfield><controlfield tag="005">20161230201030</controlfield><controlfield tag="008">060222s1000------------r-----000-0-eng-d</controlfield><datafield ind1=" " ind2=" " tag="040"><subfield code="a">IFIN-HH</subfield></datafield><datafield ind1=" " ind2=" " tag="080"><subfield code="a">53:539(035.5)(083.5)</subfield></datafield><datafield ind1="1" ind2=" " tag="100"><subfield code="a">Augenstein, K.H</subfield></datafield><datafield ind1="1" ind2="0" tag="245"><subfield code="a">Zaed survey index of pion-nucleon scattering data</subfield><subfield code="c">K.h. augenstein, g. hohler, e. pietarinen, h.m. staudenmaier</subfield></datafield><datafield ind1=" " ind2=" " tag="250"><subfield code="a">March 1977 Edition</subfield></datafield><datafield ind1=" " ind2=" " tag="260"><subfield code="a">Eggenstein-leopoldshaften</subfield><subfield code="b">Zentralstelle Fur Atomkernenergie-dokumentation</subfield><subfield code="c">1977</subfield></datafield><datafield ind1=" " ind2=" " tag="300"><subfield code="a">61P</subfield></datafield><datafield ind1=" " ind2=" " tag="490"><subfield code="a">Physik Daten Physics Data 1-2 1977</subfield></datafield><datafield ind1="1" ind2=" " tag="700"><subfield code="a">Staudenmaier, H.M</subfield></datafield><datafield ind1=" " ind2=" " tag="852"><subfield code="a">47445</subfield><subfield code="c">53.081</subfield></datafield><datafield ind1=" " ind2=" " tag="CAT"><subfield code="a">Sys</subfield><subfield code="c">20160401</subfield><subfield code="h">093518</subfield></datafield></record></collection>